@article{pierce1969whither,
  title={Whither speech recognition?},
  author={Pierce, John R},
  journal={The journal of the acoustical society of america},
  volume={46},
  number={4B},
  pages={1049--1051},
  year={1969},
  publisher={Acoustical Society of America}
}

@article{belgiu2016random,
  title={Random forest in remote sensing: A review of applications and future directions},
  author={Belgiu, Mariana and Dr{\u{a}}gu{\c{t}}, Lucian},
  journal={ISPRS journal of photogrammetry and remote sensing},
  volume={114},
  pages={24--31},
  year={2016},
  publisher={Elsevier}
}

@misc{GITHUB,
    title={Accent Detection GitHub},
    author={Finn McFall, Callum Paton, Leo Pitsillides, Chris Sharp}, url={https://github.com/EMAT31530-21-22/group-project-27},
    year={2022},
}

@article{sardari2022audio,
  title={Audio based depression detection using Convolutional Autoencoder},
  author={Sardari, Sara and Nakisa, Bahareh and Rastgoo, Mohammed Naim and Eklund, Peter},
  journal={Expert Systems with Applications},
  volume={189},
  pages={116076},
  year={2022},
  publisher={Elsevier}
}

@article{dcgan,
author = {Balayev, Kamran and Guluzade, Nihad and Aygun, Sercan and Ilhan, Hamza},
year = {2021},
month = {06},
title = {The Implementation of DCGAN in the Data Augmentation for the Sperm Morphology Datasets},
journal = {European Journal of Science and Technology},
doi = {10.31590/ejosat.952561}
}

@misc{racistAI, 
  title={Foreword to the special issue on recent advances on pattern recognition and artificial intelligence - neural computing and applications}, url={https://link.springer.com/article/10.1007/s00521-017-3243-x}, journal={SpringerLink}, publisher={Springer London}, author={Liu, Huawen and Yin, Jianping and Luo, Xudong and Zhang, Shichao}, 
  year={2018}, 
  month={1}
} 
 
@article{SPEECH,
  title={Racial disparities in automated speech recognition},
  author={Koenecke, Allison and Nam, Andrew and Lake, Emily and Nudell, Joe and Quartey, Minnie and Mengesha, Zion and Toups, Connor and Rickford, John R and Jurafsky, Dan and Goel, Sharad},
  journal={Proceedings of the National Academy of Sciences},
  volume={117},
  number={14},
  pages={7684--7689},
  year={2020},
  publisher={National Acad Sciences}
}

@article{surfboard,
  title={Surfboard: Audio feature extraction for modern machine learning},
  author={Lenain, Raphael and Weston, Jack and Shivkumar, Abhishek and Fristed, Emil},
  journal={arXiv preprint arXiv:2005.08848},
  year={2020}
}

@article{featselectionWU,
  title={Feature selection in speech and speaker recognition},
  author={Wu, T},
  journal={Katholieke Universiteit Leuven},
  year={2009}
}

@article{AudioSignals,
  title={Interpreting and explaining deep neural networks for classification of audio signals},
  author={Becker, Soren and Ackerman, Marcel and Lapuschkin, Sebastian and Muller, Klaus-Robert and Samek, Wojciech},
  journal={arXiv preprint arXiv:1807.03418},
  year={2019}
}

@article{SimpleSpeech,
  title={Deep learning approaches for understanding simple speech commands},
  author={Solovyev, Roman A. and Vakhrushev, Maxim and Radionov, Alexander and Aliev, Vladimir and Shvets, Alexey A.},
  journal={arXiv preprint arXiv:1810.02364},
  year={2018}
}

@INPROCEEDINGS{7952132,
  author={Hershey, Shawn and Chaudhuri, Sourish and Ellis, Daniel P. W. and Gemmeke, Jort F. and Jansen, Aren and Moore, R. Channing and Plakal, Manoj and Platt, Devin and Saurous, Rif A. and Seybold, Bryan and Slaney, Malcolm and Weiss, Ron J. and Wilson, Kevin},
  booktitle={2017 IEEE International Conference on Acoustics, Speech and Signal Processing (ICASSP)}, 
  title={CNN architectures for large-scale audio classification}, 
  year={2017},
  volume={},
  number={},
  pages={131-135},
  doi={10.1109/ICASSP.2017.7952132}
}

@article{Alex_Net,
  author = {Krizhevsky, Alex and Sutskever, Ilya and Hinton, Geoffrey E.},
  title = {ImageNet Classification with Deep Convolutional Neural Networks}, 
  year = {2017}, 
  issue_date = {June 2017}, 
  publisher = {Association for Computing Machinery}, 
  address = {New York, NY, USA}, 
  volume = {60}, 
  number = {6}, 
  issn = {0001-0782}, 
  url = {https://doi.org/10.1145/3065386}, doi = {10.1145/3065386}, 
  journal = {Commun. ACM}, 
  month = {5}, 
  pages = {84–90}, 
  numpages = {7} 
}

@article{VGG_Net,
  title={Very deep convolutional networks for large-scale image recognition},
  author={Simonyan, Karen and Zisserman, Andrew},
  journal={arXiv preprint arXiv:1409.1556},
  year={2015}
}

@article{Res_Net,
  title={Deep residual learning for image recognition},
  author={He, Kaiming and Zhang, Xiangyu and Ren, Shaoqing and Sun, Jian},
  journal={arXiv preprint arXiv:1512.03385},
  year={2015}
}

@article{SmallData,
  title={A Close Look at Deep Learning with Small Data},
  author={Brigato, Lorenzo and Iocchi, Luca},
  journal={arXiv preprint arXiv:2003.12843},
  year={2020}
}

@article{EnvSound,
  title={Deep Convolutional Neural Networks and Data Augmentation for Environmental Sound Classification},
  author={Salamon, Justin and Bello, Juan Pablo},
  journal={arXiv preprint arXiv:1608.04363},
  year={2016}
}

@article{MusicGenre,
  title={Convolutional Neural Network Achieves Human-level Accuracy in Music Genre Classification},
  author={Dong, Mingwen},
  journal={arXiv preprint arXiv:1802.09697},
  year={2018}
}

@article{ADAM,
  title={ADAM: A method for stochastic optimization},
  author={Kingma, Diederik P. and Ba, Jimmy Lei},
  journal={arXiv preprint arXiv:1412.6980},
  year={2017}
}

@article{SGDvsADAM,
  title={Towards Theoretically Understanding Why SGD Generalizes Better Than ADAM in Deep Learning},
  author={Zhou, Pan  and Feng, Jiashi and Ma, Chao and Xiong, Caiming and Hoi, Steven and E, Weinan},
  journal={arXiv preprint arXiv:2010.05627},
  year={2021}
}

@article{dataset, 
  title={Speech Accent Archive}, 
  url={http://accent.gmu.edu}, 
  author={Weinberger, Steven}, 
  year={2015}
} 
 
@book{intro,
  title={Introduction to pattern recognition and machine learning},
  author={Murty, M Narasimha and Devi, V Susheela},
  volume={5},
  year={2015},
  publisher={World Scientific}
}

@article{Dropout,
  title={Dropout: A Simple Way to Prevent Neural Networks from Overfitting},
  author={Srivastava, Nitish and Hinton, Geoffrey and Krizhevsky, Alex and Sutskever, Ilya and Salakhutdinov, Ruslan},
  journal={Journal of Machine Learning Research},
  year={2014},
  volume={15},
  number={56},
  pages={1929-1958},
  url={http://jmlr.org/papers/v15/srivastava14a.html}
}

@inproceedings{fukuda18_interspeech,
  author={Takashi Fukuda and Raul Fernandez and Andrew Rosenberg and Samuel Thomas and Bhuvana Ramabhadran and Alexander Sorin and Gakuto Kurata},
  title={{Data Augmentation Improves Recognition of Foreign Accented Speech}},
  year=2018,
  booktitle={Proc. Interspeech 2018},
  pages={2409--2413},
  doi={10.21437/Interspeech.2018-1211}
}

@article{EarlyStopping,
author = {Prechelt, Lutz},
year = {2000},
month = {03},
pages = {},
title = {Early Stopping - But When?},
isbn = {978-3-540-65311-0},
doi = {10.1007/3-540-49430-8_3}
}

@article{ROC_cross,
author = {Vihinen, Mauno},
year = {2012},
month = {06},
title = {How to evaluate performance of prediction methods? Measures and their interpretation in variation effect analysis},
doi = {10.1186/1471-2164-13-S4-S2}
}

@inproceedings{nawas2021speaker,
  title={Speaker Recognition using Random Forest},
  author={Nawas, K Khadar and Barik, Manish Kumar and Khan, A Nayeemulla},
  booktitle={ITM Web of Conferences},
  volume={37},
  pages={01022},
  year={2021},
  organization={EDP Sciences}
}

 @misc{kazlou_2021, title={One common misconception about random forest and overfitting}, url={https://towardsdatascience.com/one-common-misconception-about-random-forest-and-overfitting-47cae2e2c23b}, journal={Medium}, publisher={Towards Data Science}, author={Kazlou, Aliaksandr}, year={2021}, month={Mar}} 
 
 @inproceedings{madhu2019data,
  title={Data augmentation using generative adversarial network for environmental sound classification},
  author={Madhu, Aswathy and Kumaraswamy, Suresh},
  booktitle={2019 27th European Signal Processing Conference (EUSIPCO)},
  pages={1--5},
  year={2019},
  organization={IEEE}
}
 
@article{DBLP:journals/corr/abs-2107-11774,
  author    = {Ziyin, Liu and
                Li, Botao and
               Ueda, Masahito},
  title     = {{SGD} May Never Escape Saddle Points},
  journal   = {CoRR},
  volume    = {abs/2107.11774},
  year      = {2021},
  url       = {https://arxiv.org/abs/2107.11774},
  eprinttype = {arXiv},
  eprint    = {2107.11774},
  timestamp = {Thu, 29 Jul 2021 16:14:15 +0200},
  biburl    = {https://dblp.org/rec/journals/corr/abs-2107-11774.bib},
  bibsource = {dblp computer science bibliography, https://dblp.org}
}

@article{dietterich1998approximate,
  title={Approximate statistical tests for comparing supervised classification learning algorithms},
  author={Dietterich, Thomas G.},
  journal={Neural computation},
  volume={10},
  number={7},
  pages={1895--1923},
  year={1998},
  publisher={MIT Press One Rogers Street, Cambridge, MA 02142-1209, USA journals-info~…}
}
